@misc{statista2019internet,
  title={Internet of Things (IoT) connected devices installed base worldwide from 2015 to 2025 (in billions)},
  year=2019,
  howpublished={\url{https://www.statista.com/statistics/471264/iot-number-of-connected-devices-worldwide/}}
}

@misc{statista2019smart,
  title={Smart Home},
  year=2019,
  howpublished={\url{https://www.statista.com/outlook/279/109/smart-home/united-states}}
}

@inproceedings{androulaki2018hyperledger,
  title={Hyperledger fabric: a distributed operating system for permissioned blockchains},
  author={Androulaki, Elli and Barger, Artem and Bortnikov, Vita and Cachin, Christian and Christidis, Konstantinos and De Caro, Angelo and Enyeart, David and Ferris, Christopher and Laventman, Gennady and Manevich, Yacov and others},
  booktitle={Proceedings of the Thirteenth EuroSys Conference},
  pages={30},
  year={2018},
  organization={ACM}
}

@article{lundkvist2017uport,
  title={Uport: A platform for self-sovereign identity},
  author={Lundkvist, Christian and Heck, Rouven and Torstensson, Joel and Mitton, Zac and Sena, Michael},
  journal={URL: https://whitepaper. uport. me/uPort\_ whitepaper\_DRAFT20170221. pdf},
  year={2017}
}

@article{apthorpe2017spying,
  title={Spying on the smart home: Privacy attacks and defenses on encrypted iot traffic},
  author={Apthorpe, Noah and Reisman, Dillon and Sundaresan, Srikanth and Narayanan, Arvind and Feamster, Nick},
  journal={arXiv preprint arXiv:1708.05044},
  year={2017}
}

@article{acar2018peek,
  title={Peek-a-Boo: I see your smart home activities, even encrypted!},
  author={Acar, Abbas and Fereidooni, Hossein and Abera, Tigist and Sikder, Amit Kumar and Miettinen, Markus and Aksu, Hidayet and Conti, Mauro and Sadeghi, Ahmad-Reza and Uluagac, A Selcuk},
  journal={arXiv preprint arXiv:1808.02741},
  year={2018}
}

@misc{matsuoka2015security,
  title={Security scoring in a smart-sensored home},
  author={Matsuoka, Yoky and Sloo, David and Veron, Maxime and Honjo, Shigefumi and Guenette, Isabel and Malhotra, Mark Rajan},
  year={2015},
  month=mar # "~5",
  publisher={Google Patents},
  note={US Patent App. 14/489,162}
}

@article{mell2006common,
  title={Common vulnerability scoring system},
  author={Mell, Peter and Scarfone, Karen and Romanosky, Sasha},
  journal={IEEE Security \& Privacy},
  volume={4},
  number={6},
  year={2006},
  publisher={IEEE}
}

@article{martin2007common,
  title={Common weakness enumeration},
  author={Martin, Robert A},
  journal={Mitre Corporation},
  year={2007}
}

@book{leskovec2014mining,
  title={Mining of massive datasets},
  author={Leskovec, Jure and Rajaraman, Anand and Ullman, Jeffrey David},
  year={2014},
  publisher={Cambridge university press}
}

@article{apthorpe2017smart,
  title={A smart home is no castle: Privacy vulnerabilities of encrypted IoT traffic},
  author={Apthorpe, Noah and Reisman, Dillon and Feamster, Nick},
  journal={arXiv preprint arXiv:1705.06805},
  year={2017}
}

@inproceedings{miettinen2017iot,
  title={IoT Sentinel: Automated device-type identification for security enforcement in IoT},
  author={Miettinen, Markus and Marchal, Samuel and Hafeez, Ibbad and Asokan, N and Sadeghi, Ahmad-Reza and Tarkoma, Sasu},
  booktitle={Distributed Computing Systems (ICDCS), 2017 IEEE 37th International Conference on},
  pages={2177--2184},
  year={2017},
  organization={IEEE}
}

@inproceedings{ingols2009modeling,
  title={Modeling modern network attacks and countermeasures using attack graphs},
  author={Ingols, Kyle and Chu, Matthew and Lippmann, Richard and Webster, Seth and Boyer, Stephen},
  booktitle={Computer Security Applications Conference, 2009. ACSAC'09. Annual},
  pages={117--126},
  year={2009},
  organization={IEEE}
}

@inproceedings{mihalcea2004textrank,
  title={Textrank: Bringing order into text},
  author={Mihalcea, Rada and Tarau, Paul},
  booktitle={Proceedings of the 2004 conference on empirical methods in natural language processing},
  year={2004}
}

@misc{PyTextRank,
  author={Nathan, Paco},
  title={PyTextRank, a Python implementation of TextRank for text document NLP parsing and summarization},
  howpublished={\url{https://github.com/ceteri/pytextrank/}},
  year={2016}
}

@techreport{page1999pagerank,
  title={The PageRank citation ranking: Bringing order to the web.},
  author={Page, Lawrence and Brin, Sergey and Motwani, Rajeev and Winograd, Terry},
  year={1999},
  institution={Stanford InfoLab}
}

@article{kleinberg1999authoritative,
  title={Authoritative sources in a hyperlinked environment},
  author={Kleinberg, Jon M},
  journal={Journal of the ACM (JACM)},
  volume={46},
  number={5},
  pages={604--632},
  year={1999},
  publisher={ACM}
}

@article{turner2005symantec,
  title={Symantec Internet security threat report: trends for July 2004-December 2004},
  author={Turner, Dean and Entwisle, Stephen and Friedrichs, Oliver and Ahmad, David and Hanson, Daniel and Fossi, Marc and Gordon, Sarah and Szor, Peter and Chien, Eric and Cowings, David and others},
  journal={Retrieved July},
  volume={30},
  pages={2005},
  year={2005}
}

@article{choo2011cyber,
  title={The cyber threat landscape: Challenges and future research directions},
  author={Choo, Kim-Kwang Raymond},
  journal={Computers \& Security},
  volume={30},
  number={8},
  pages={719--731},
  year={2011},
  publisher={Elsevier}
}

@article{chang2009your,
  title={Is your computer secure?},
  author={Chang, Frederick R},
  journal={Science},
  volume={325},
  number={5940},
  pages={550--551},
  year={2009},
  publisher={American Association for the Advancement of Science}
}

@techreport{lippmann2005annotated,
  title={An annotated review of past papers on attack graphs},
  author={Lippmann, Richard Paul and Ingols, Kyle William},
  year={2005},
  institution={MASSACHUSETTS INST OF TECH LEXINGTON LINCOLN LAB}
}

@article{noel2008optimal,
  title={Optimal ids sensor placement and alert prioritization using attack graphs},
  author={Noel, Steven and Jajodia, Sushil},
  journal={Journal of Network and Systems Management},
  volume={16},
  number={3},
  pages={259--275},
  year={2008},
  publisher={Springer}
}

@techreport{hagberg2008exploring,
  title={Exploring network structure, dynamics, and function using NetworkX},
  author={Hagberg, Aric and Swart, Pieter and S Chult, Daniel},
  year={2008},
  institution={Los Alamos National Lab.(LANL), Los Alamos, NM (United States)}
}

@book{orebaugh2006wireshark,
  title={Wireshark \& Ethereal network protocol analyzer toolkit},
  author={Orebaugh, Angela and Ramirez, Gilbert and Beale, Jay},
  year={2006},
  publisher={Elsevier}
}

@article{porter1980algorithm,
  title={An algorithm for suffix stripping},
  author={Porter, Martin F},
  journal={Program},
  volume={14},
  number={3},
  pages={130--137},
  year={1980},
  publisher={MCB UP Ltd}
}

@book{jones1997readings,
  title={Readings in information retrieval},
  author={Jones, Karen Sparck},
  year={1997},
  publisher={Morgan Kaufmann}
}

@article{scarselli2009graph,
  title={The graph neural network model},
  author={Scarselli, Franco and Gori, Marco and Tsoi, Ah Chung and Hagenbuchner, Markus and Monfardini, Gabriele},
  journal={IEEE Transactions on Neural Networks},
  volume={20},
  number={1},
  pages={61--80},
  year={2009},
  publisher={IEEE}
}

@article{dantzig2003max,
  title={On the max flow min cut theorem of networks},
  author={Dantzig, G and Fulkerson, Delbert Ray},
  journal={Linear inequalities and related systems},
  volume={38},
  pages={225--231},
  year={2003}
}

@article{Ford-Fulkerson_algo,
    author = {Ford, L. R. and Fulkerson, D. R.},
    citeulike-article-id = {5447141},
    citeulike-linkout-0 = {http://www.rand.org/pubs/papers/P605/},
    journal = {Canadian Journal of Mathematics},
    keywords = {maximal\_flow, networks},
    pages = {399--404},
    posted-at = {2009-12-30 16:52:05},
    priority = {2},
    title = {{Maximal Flow through a Network.}},
    url = {http://www.rand.org/pubs/papers/P605/},
    volume = {8}
}

@techreport{goldberg1989network,
  title={Network Flow Algorithms," Dept. of Computer Science},
  author={Goldberg, AV and Tardos, E and Tarjan, RE},
  year={1989},
  institution={Stanford Univ., Technical Report STAN-CS-89-1252}
}

@inproceedings{bird2004nltk,
  title={NLTK: the natural language toolkit},
  author={Bird, Steven and Loper, Edward},
  booktitle={Proceedings of the ACL 2004 on Interactive poster and demonstration sessions},
  pages={31},
  year={2004},
  organization={Association for Computational Linguistics}
}

@article{leskovec2016snap,
  title={SNAP: A General-Purpose Network Analysis and Graph-Mining Library},
  author={Leskovec, Jure and Sosi{\v{c}}, Rok},
  journal={ACM Transactions on Intelligent Systems and Technology (TIST)},
  volume={8},
  number={1},
  pages={1},
  year={2016},
  publisher={ACM}
}

@ARTICLE{Scarselli09thegraph,
    author = {Franco Scarselli and Marco Gori and Ah Chung Tsoi and Markus Hagenbuchner and Gabriele Monfardini},
    title = {The graph neural network model},
    journal = {IEEE Transactions on Neural Networks},
    year = {2009}
}

@inproceedings{node2vec-kdd2016,
author = {Grover, Aditya and Leskovec, Jure},
 title = {node2vec: Scalable Feature Learning for Networks},
 booktitle = {Proceedings of the 22nd ACM SIGKDD International Conference on Knowledge Discovery and Data Mining},
 year = {2016}
}