
@inproceedings{Androulaki:2018:HFD,
	author = {Androulaki, Elli and Barger, Artem and Bortnikov, Vita and Cachin, Christian and Christidis, Konstantinos and De Caro, Angelo and Enyeart, David and Ferris, Christopher and Laventman, Gennady and Manevich, Yacov and Muralidharan, Srinivasan and Murthy, Chet and Nguyen, Binh and Sethi, Manish and Singh, Gari and Smith, Keith and Sorniotti, Alessandro and Stathakopoulou, Chrysoula and Vukoli\'{c}, Marko and Cocco, Sharon Weed and Yellick, Jason},
	title = {Hyperledger Fabric: A Distributed Operating System for Permissioned Blockchains},
	booktitle = {Proceedings of the Thirteenth EuroSys Conference},
	series = {EuroSys '18},
	year = {2018},
	isbn = {978-1-4503-5584-1},
	location = {Porto, Portugal},
	pages = {30:1--30:15},
	articleno = {30},
	numpages = {15},
	url = {http://doi.acm.org/10.1145/3190508.3190538},
	doi = {10.1145/3190508.3190538},
	acmid = {3190538},
	publisher = {ACM},
	address = {New York, NY, USA},
}

@misc{uport,
	title={UPort: A Platform for Self-sovereign Identity},
	author={Christian Lundkvist and Rouven Heck and Joel Torstensson and Zac Mitton and Michael Sena},
	note = {\url{http://blockchainlab.com/pdf/uPort_whitepaper_DRAFT20161020.pdf}},
	year={2016}
}
